@article{arae,
  title={Adversarially regularized autoencoders for generating discrete structures},
  author={Zhao, Junbo and Kim, Yoon and Zhang, Kelly and Rush, Alexander M and LeCun, Yann and others},
  journal={arXiv preprint arXiv:1706.04223},
  year={2017}
}