@inproceedings{risk-slim,
	title={Optimized Risk Scores},
	author={Ustun, Berk and Rudin, Cynthia},
	booktitle={Proceedings of the 23rd ACM SIGKDD International Conference on Knowledge Discovery and Data Mining},
	pages={1125--1134},
	year={2017},
	organization={ACM}
}

@article{slim,
	title={Supersparse linear integer models for optimized medical scoring systems},
	author={Ustun, Berk and Rudin, Cynthia},
	journal={Machine Learning},
	volume={102},
	number={3},
	pages={349--391},
	year={2016},
	publisher={Springer}
}

@article{genetic-ong,
	title={Building credit scoring models using genetic programming},
	author={Ong, Chorng-Shyong and Huang, Jih-Jeng and Tzeng, Gwo-Hshiung},
	journal={Expert Systems with Applications},
	volume={29},
	number={1},
	pages={41--47},
	year={2005},
	publisher={Elsevier}
}

@article{ml-for-risk,
	title={Consumer credit-risk models via machine-learning algorithms},
	author={Khandani, Amir E and Kim, Adlar J and Lo, Andrew W},
	journal={Journal of Banking \& Finance},
	volume={34},
	number={11},
	pages={2767--2787},
	year={2010},
	publisher={Elsevier}
}

@online{fico-criteria,
	author = {FICO},
	title = {5 building blocks of a great scoring system},
	year = 2015,
	url = {https://www.slideshare.net/FICO/5-building-blocks-of-a-great-scoring-system},
}

@article{nn-scoring-models,
	title={Neural network credit scoring models},
	author={West, David},
	journal={Computers \& Operations Research},
	volume={27},
	number={11-12},
	pages={1131--1152},
	year={2000},
	publisher={Elsevier}
}

@article{ml-social-problems,
	author = {Kleinberg Jon, Ludwig Jens, and Mullainathan, Sendhil},
	title = {A guide to solving social problems with machine learning},
	year = 2016,
	url = {https://hbr.org/2016/12/a-guide-to-solving-social-problems-with-machine-learning}
}